% This file was created with JabRef 2.10.
% Encoding: UTF8

@Book{AoE,
  Title                    = {The Art of Electronics},
  Address                  = {New York, USA},
  Author                   = {Paul Horowitz AND Winfield Hill},
  ISBN                     = {978-0-521-80926-9},
  Publisher                = {Cambridge University Press},
  Year                     = {2015},

  Edition                  = {3.},

  Owner                    = {Jakob},
  Timestamp                = {2015.12.08}
}

@Book{Tanenbaum2013,
  Title                    = {Structured Computer Organization},
  Author                   = {Andrew S. Tanenbaum AND Todd Austin},
  ISBN                     = {978-0-13-291652-3},
  Publisher                = {Pearson Education},
  Year                     = {2013},

  Edition                  = {6th},

  Owner                    = {Jakob}
}

@Book{chu2008,
  Title                    = {FPGA Prototyping by VHDL Examples},
  Author                   = {Pong P. Chu},
  ISBN                     = {978-0-470-18531-5},
  Publisher                = {John Wiley \& Sons, Inc.},
  Year                     = {2008},

  Edition                  = {1.},

  Owner                    = {Niclas}
}

@Book{guitar_science2014,
  Title                    = {The Science of Electric Guitars and Guitar Electronics},
  Author                   = {Jarmo LÃ¤hdevaara},
  ISBN                     = {978-9-522-86420-8},
  Year                     = {2014},

  Edition                  = {1.},

  Owner                    = {Niclas}	
}

@Book{DAFX,
  Title                    = {DAFX - Digital Audio Effects},
  Author                   = {Udo Zolzer},
  ISBN                     = {0-471-49078-4 (Hardback); 0-470-84604-6 (Electronic)},
  Year                     = {2002},

  Edition                  = {1.},

  Owner                    = {Jacob} 
}

