
% Encoding: UTF-8

@Manual{Datablad,
  Title                    = {Titel},
  Author                   = {Datablad},
  Publisher                = {Udgivet af},
  Year                     = {Ã…r},
  Revision                 = {Revisionsnummer},

  Owner                    = {Jakob},
  Timestamp                = {2015.09.11}
}

@Manual{app_guide_aic3204,
  Title                    = {TLV320AIC3204 Application Reference Guide},
  Author                   = {{Texas Instruments Inc.}},
  Publisher                = {{Texas Instruments Inc.}},
  Year                     = {2012},
  Revision                 = {SLAA557},
  url                      = {http://www.ti.com/lit/ml/slaa557/slaa557.pdf},

  Owner                    = {Benjamin},
  Timestamp                = {2017.05.23}
}

@Manual{dspadc,
  Title                    = {TLV320AIC3204 Ultra Low Power Stereo Audio Codec},
  Author                   = {{Texas Instruments Inc.}},
  Publisher                = {{Texas Instruments Inc.}},
  Year                     = {2014},
  Revision                 = {SLOS602C},
  url			                 = {http://www.ti.com/lit/ds/symlink/tlv320aic3204.pdf},


  Owner                    = {Mads},
  Timestamp                = {2017.04.07}
}

@Manual{ezdsp,
  Title                    = {TMS320C5515 eZdsp USB Stick Development Tool},
  Author                   = {{Texas Instruments Inc.}},
  Publisher                = {{Texas Instruments Inc.}},
  Year                     = {2010},
  url			                 = {http://www.ti.com/lit/ml/sprt559a/sprt559a.pdf},

  Owner                    = {Mads},
  Timestamp                = {2017.04.07}
}

@Manual{dsp,
  Title                    = {TMS320C5515 Fixed-Point Digital Signal Processor},
  Author                   = {{Texas Instruments Inc.}},
  Publisher                = {{Texas Instruments Inc.}},
  Year                     = {2013},
  Revision		             = {SPRS645F},
  url			                 = {http://www.ti.com/lit/ds/symlink/tms320c5515.pdf},

  Owner                    = {Mads},
  Timestamp                = {2017.04.07}
}


@Manual{dsp_dma,
  Title                    = {TMS320C5515/14/05/04 DSP Direct Memory Access (DMA) Controller},
  Author                   = {{Texas Instruments Inc.}},
  Publisher                = {{Texas Instruments Inc.}},
  Year                     = {2012},
  Revision                 = {SPRUFT2A},
  url                      = {http://www.ti.com/lit/ug/spruft2a/spruft2a.pdf},

  Owner                    = {Niclas},
  Timestamp                = {2017.01.09}
  }

  @Manual{dsp_sar,
  Title                    = {TMS320C5515/05/VC05 DSP Successive Approximation Register (SAR) Analog-to-Digital Converter (ADC)},
  Author                   = {{Texas Instruments Inc.}},
  Publisher                = {{Texas Instruments Inc.}},
  Year                     = {2012},
  Revision                 = {SPRUFP1C},
  url                      = {http://www.ti.com/lit/ug/sprufp1c/sprufp1c.pdf},

  Owner                    = {Niclas},
  Timestamp                = {2017.01.19}
  }

  @Manual{tle2072ac,
  Title                    = {TLE2072AC},
  Author                   = {{Texas Instruments Inc.}},
  Publisher                = {{Texas Instruments Inc.}},
  Year                     = {2000},
  Revision                 = {SLOS181A},

  Owner                    = {Jacob},
  Timestamp                = {2017.05.22}
}
