% This file was created with JabRef 2.10.
% Encoding: UTF8


@Phdthesis{PhD-rapport,
  Title                    = {Titel},
  Author                   = {{PhD-rapport}},
  School                   = {Universitet og fakultet},
  Year                     = {År},

  Lastvisit                = {Sidste besøg af link i dette format: dd mmm åååå},
  Url                      = {Link},

  Owner                    = {Jakob},
  Timestamp                = {2015.09.11}
}

@Phdthesis{kuulusa,
  Title                    = {DSP Processor Core-Based Wireless System Design},
  Author                   = {Mika Kuulusa},
  School                   = {Tampere University of Technology},
  Year                     = {2000},
  Lastvisit                = {27 March 2017},
  Url                      = {http://edu.cs.tut.fi/kuulusa296.pdf},
  Owner                    = {Mads},
  Timestamp                = {2017.03.27}
}

