% This file was created with JabRef 2.10.
% Encoding: UTF8


@Article{Videnskabeligartikel,
  Title                    = {Titel},
  Author                   = {{Videnskabelig artikel}},
  Issue                    = {Nummer},
  Journal                  = {Tidskrift},
  Pages                    = {Sider},
  Volume                   = {Årgang},
  Year                     = {År},

  HowPublished             = {Hvis det er en online artikel skrives der "online" her.},
  Institution              = {Forfatterens universitet hvis dette er entydigt.},
  Lastvisit                = {Sidste besøg af link i dette format: dd mmm åååå},
  Url                      = {Link},

  Owner                    = {Jakob},
  Timestamp                = {2015.09.11}
}

