% Encoding: UTF-8

@Techreport{Tekniskrapport,
  Title                    = {Titel},
  Author                   = {{Teknisk rapport}},
  Publisher                = {Udgivet af},
  Year                     = {År},

  Address                  = {Udgivelsessted},
  HowPublished             = {Hvis rapporten kun er tilgængelig online skrives der "online" her.},
  Lastvisit                = {Sidste besøg af webadressen i dette format: dd mmm åååå},
  Pages                    = {Hvis der kun er brugt nogle specifikke sider skrives det her.},
  Url                      = {Link},

  Owner                    = {Jakob},
  Timestamp                = {2015.09.11}
}

@Misc{CORDIC,
  Title                    = {CORDIC Algorithm and Implementations},
  Author                   = {{Ercegovac and Lang}},
  Lastvisit                = {11 May 2017},
  Publisher                = {Digital Arithmetic},
  HowPublished             = {Online},
  Url                      = {http://web.cs.ucla.edu/digital_arithmetic/files/ch11.pdf},
  Year                     = {2003},

  Owner                    = {Mads},
}
