% Encoding: UTF-8

@Misc{howguitarpedalsworks,
	Title                    = {How Guitar Pedals Works},
	Author                   = {Gerlinda Grimes},
	HowPublished             = {Website},
	Lastvisit                = {15 February 2017},
	Publisher                = {HOW STUFF WORKS},
	Url                      = {http://electronics.howstuffworks.com/gadgets/audio-music/guitar-pedal1.htm},
	Year                     = {2011},
	Lastupdate               = {14 March 2011},
	
	Owner                    = {Jacob},
	Timestamp                = {2017.02.15}
}

@Misc{ashorthistoryofeffectpedals,
	Title                    = {A short history of effects pedals},
	Author                   = {Dave Hartl},
	HowPublished             = {Website},
	Lastvisit                = {15 February 2017},
	Url                      = {http://makesenseofguitarpedals.pbworks.com/w/page/25527088/History%20of%20effect%20pedals},
	Year                     = {2010},
	Lastupdate               = {22 April 2010},
	
	Owner                    = {Jacob},
	Timestamp                = {2017.02.15}
}

@Misc{clipping_fig,
	Title                    = {Comparison of soft and hard clipping},
	Author                   = {Mikhail Ryazanov},
	HowPublished             = {Website},
	Lastvisit                = {16 February 2017},
	Url                      = {https://en.wikipedia.org/wiki/Limiter#/media/File:Clipping_waveform.svg},
	Year                     = {2012},
	Lastupdate               = {26 November 2012},
	
	Owner                    = {Niclas},
	Timestamp                = {2017.02.16}
}

@Misc{discrete_audio_delay,
	Title 					 = {Audio delay using discrete components},
	Author                   = {endolith},
	HowPublished             = {Website},
	Lastvisit                = {20 February 2017},
	Url                      = {https://electronics.stackexchange.com/questions/5458/audio-delay-using-discrete-components},
	Year                     = {2010},
	Lastupdate               = {22 October 2010},
	
	Owner                    = {Benjamin},
	Timestamp                = {2017.02.20}
}

@Misc{fender_guitar,
	Title 					 = {Eric Clapton Stratocaster},
	Author                   = {Fender},
	HowPublished             = {Website},
	Lastvisit                = {20 February 2017},
	Url                      = {http://shop.fender.com/en/emea/electric-guitars/stratocaster/eric-clapton-stratocaster/0117602805.html#start=1},
	Year                     = {2017},
	Lastupdate               = {2017},
	
	Owner                    = {Niclas},
	Timestamp                = {2017.02.20}
}

@Misc{rickenbacker_vibrola,
	Title 					 = {Early Electric Guitars},
	Author                   = {Robert Corwin},
	HowPublished             = {Website},
	Lastvisit                = {27 February 2017},
	Url                      = {http://vintagemartin.com/earlyelectric.html0117602805.html#start=1},
	Year                     = {2017},
	Lastupdate               = {2016},
	
	Owner                    = {Jacob},
	Timestamp                = {2017.02.27}
}

@Misc{se_bucket_brigade,
	Title 					 = {Audio delay using discrete components},
	Author                   = {endolith},
	HowPublished             = {Website},
	Lastvisit                = {27 February 2017},
	Url                      = {https://electronics.stackexchange.com/questions/5458/audio-delay-using-discrete-components},
	Year                     = {2010},
	Lastupdate               = {22 October 2010},
	
	Owner                    = {Benjamin},
	Timestamp                = {2017.02.27}
}

@Misc{mag_tape_delay_hist,
	Title 					 = {Early Electric Guitars},
	Author                   = {Phil Taylor},
	HowPublished             = {Website},
	Lastvisit                = {27 February 2017},
	Url                      = {http://www.effectrode.com/echorec-3/history-of-delay/
},
	Year                     = {2011},
	Lastupdate               = {1 May 2016},
	
	Owner                    = {Benjamin},
	Timestamp                = {2017.02.27}
}

@Misc{reverb_descr,
	Title 					 = {A bit about reverb},
	Author                   = {Nigel Redmon},
	HowPublished             = {Website},
	Lastvisit                = {28 February 2017},
	Url                      = {http://www.earlevel.com/main/1997/01/19/a-bit-about-reverb/},
	Year                     = {1997},
	Lastupdate               = {7 January 2013},
	
	Owner                    = {Niclas},
	Timestamp                = {2017.02.28}
}

@Misc{reverb_block,
	Title 					 = {Allpass from Two Combs},
	Author                   = {Julius O. Smith},
	HowPublished             = {Website},
	Lastvisit                = {28 February 2017},
	Url                      = {https://ccrma.stanford.edu/~jos/pasp/Allpass_Two_Combs.html},
	Year                     = {2010},
	Lastupdate               = {20 February 2017},
	
	Owner                    = {Niclas},
	Timestamp                = {2017.02.28}
}

@Misc{eq_desciption,
	Title 					 = {Basic Guide to Understanding Audio Equalizers},
	Author                   = {Rory PQ},
	HowPublished             = {Website},
	Lastvisit                = {01 March 2017},
	Url                      = {http://blog.dubspot.com/audio-equalizer-guide/},
	Year                     = {2016},
	Lastupdate               = {07 September 2016},
	
	Owner                    = {Benjamin},
	Timestamp                = {2017.03.01}
}


@Misc{chorus_descr,
	Title 					 = {Chorus Effect},
	Author                   = {Julius O. Smith},
	HowPublished             = {Website},
	Lastvisit                = {01 March 2017},
	Url                      = {https://ccrma.stanford.edu/~jos/pasp/Chorus_Effect.html},
	Year                     = {2010},
	Lastupdate               = {20 February 2017},
	
	Owner                    = {Niclas},
	Timestamp                = {2017.03.01}
}

@Misc{flanger_descr,
	Title 					 = {Flanging},
	Author                   = {Julius O. Smith},
	HowPublished             = {Website},
	Lastvisit                = {08 March 2017},
	Url                      = {https://ccrma.stanford.edu/~jos/pasp/Flanging.html#6405},
	Year                     = {2010},
	Lastupdate               = {20 February 2017},
	
	Owner                    = {Jacob},
	Timestamp                = {2017.03.08}
}

@Misc{tremolo_descr,
	Title 					 = {EFFECTS BASICS: TREMOLO},
	Author                   = {Dave Eichenberger},
	HowPublished             = {Website},
	Lastvisit                = {08 March 2017},
	Url                      = {http://www.seymourduncan.com/blog/the-tone-garage/effects-basics-tremolo},
	Year                     = {2015},
	Lastupdate               = {20 August 2015},
	
	Owner                    = {Niclas},
	Timestamp                = {2017.03.08}
}

@Misc{harmonics,
	Title 			 = {Guitar Harmonics},
	Author                   = {Denis Warren},
	HowPublished             = {Website},
	Lastvisit                = {09 March 2017},
	Url                      = {http://www.deniswarren.com/en/?page_id=980},
	Year                     = {2010},
	
	Owner                    = {Mads},
	Timestamp                = {2017.03.09}
}

@Misc{highnote,
	Title 			 = {Highest note on a guitar},
	Author                   = {Stephan Boyer},
	HowPublished             = {Website},
	Lastvisit                = {09 March 2017},
	Url                      = {https://www.stephanboyer.com/post/24/highest-note-on-a-guitar},
	Year                     = {2012},
	Lastupdate               = {29 december 2012},
	
	Owner                    = {Mads},
	Timestamp                = {2017.03.09}
}

@Misc{elecguit,
	Title 			 = {Electric Guitars},
	Author                   = {Chris Woodford},
	HowPublished             = {Website},
	Lastvisit                = {09 March 2017},
	Url                      = {http://www.explainthatstuff.com/electricguitars.html},
	Year                     = {2007},
	
	Owner                    = {Mads},
	Timestamp                = {2017.03.09}
}

@Misc{pickup,
	Title 			 = {How do Guitar Pickups work},
	Author                   = {Hank Wallace},
	HowPublished             = {Website},
	Lastvisit                = {09 March 2017},
	Url                      = {http://zerocapcable.com/?page_id=219},
	Year                     = {2004},
	Lastupdate               = {29 december 2012},
	
	Owner                    = {Mads},
	Timestamp                = {2017.03.09}
}

@Misc{multirate_dsp,
	Title 					= {Multirate Digital Signal Processing},
	Author = {Oliver Hinton},
	HowPublished             = {Website},
	Lastvisit                = {15 March 2017},
	Url                      = {https://www.staff.ncl.ac.uk/oliver.hinton/eee305/Chapter9.pdf},
	Year                     = {2001},
	Lastupdate               = {24 september 2001},
	
	Owner                    = {Benjamin},
	Timestamp                = {2017.03.15}
	}

@Misc{tremped,
	Title 			 = {How Does a Tremolo Pedal Work},
	Author                   = {Guitarfellea},
	HowPublished             = {Website},
	Lastvisit                = {22 March 2017},
	Url                      = {https://www.guitarfella.com/how-tremolo-works/},
	Year                     = {2017},
	
	Owner                    = {Mads},
	Timestamp                = {2017.03.22}
}

@Misc{matlab_chorus,
	Title 			 		 = {Creating an audio chorus effect in Matlab},
	Author                   = {Dan Prince},
	HowPublished             = {Website},
	Lastvisit                = {28 March 2017},
	Url                      = {http://www.danpprince.com/engineering/matlab-chorus/},
	Year                     = {2017},
	
	Owner                    = {Niclas},
	Timestamp                = {2017.03.28}
}

@Misc{skull_fuzz,
	Title 			 		 = {HEAVY DEAVY SKULL FUZZ (HDSF)},
	Author                   = {Vintagefx},
	HowPublished             = {Website},
	Lastvisit                = {28 March 2017},
	Url                      = {http://www.vintagefx.com/products-page/signature-series/heavy-deavy-skull-fuzz-hdsf},
	Year                     = {2014},
	
	Owner                    = {Jacob},
	Timestamp                = {2017.03.28}
}

@Misc{sample_rate,
	Title 			 		 = {Explanation of 44.1 kHz CD sampling rate},
	Author                   = {Henning Schulzrinne},
	HowPublished             = {Website},
	Lastvisit                = {1 May 2017},
	Url                      = {http://www.cs.columbia.edu/~hgs/audio/44.1.html},
	Year                     = {2008},
	
	Owner                    = {Niclas},
	Timestamp                = {2017.05.01}
}

@Misc{high_note,
	Title 			 = {Highest note on a guitar},
	Author                   = {Stephan Boyer},
	HowPublished             = {Website},
	Lastvisit                = {9 May 2017},
	Url                      = {https://www.stephanboyer.com/post/24/highest-note-on-a-guitar},
	Year                     = {2012},
	
	Owner                    = {Mads},
	Timestamp                = {2017.05.09}
}

@Misc{signal_noise,
	Title 			 = {Calculating noise figure in op amps},
	Author                   = {James Karki},
	HowPublished             = {Website},
	Lastvisit                = {18 May 2017},
	Url                      = {http://www.ti.com/lit/an/slyt094/slyt094.pdf},
	Year                     = {2005},
	
	Owner                    = {Jacob},
	Timestamp                = {2017.05.18}
}


